<record><leader>00000cas a2200000 a 4500</leader><controlfield tag="001">10010846</controlfield><controlfield tag="008">831013d18041815nyuwr ne      0    0eng c</controlfield><datafield ind1=" " ind2=" " tag="010"><subfield code="a">sn 83031869 </subfield></datafield><datafield ind1=" " ind2=" " tag="040"><subfield code="a">NPU</subfield><subfield code="b">eng</subfield><subfield code="c">NPU</subfield><subfield code="d">NPX</subfield><subfield code="d">NYS</subfield><subfield code="d">HLS</subfield><subfield code="d">OCL</subfield><subfield code="d">NYS</subfield><subfield code="d">DLC</subfield><subfield code="d">OCLCG</subfield><subfield code="d">BUF</subfield><subfield code="d">KRTAS</subfield><subfield code="d">OCLCQ</subfield><subfield code="d">OCLCF</subfield><subfield code="d">OCLCO</subfield></datafield><datafield ind1=" " ind2=" " tag="019"><subfield code="a">70696859</subfield></datafield><datafield ind1="1" ind2=" " tag="029"><subfield code="a">AU@</subfield><subfield code="b">000020127894</subfield></datafield><datafield ind1=" " ind2=" " tag="042"><subfield code="a">pcc</subfield></datafield><datafield ind1=" " ind2=" " tag="043"><subfield code="a">n-us-ny</subfield></datafield><datafield ind1="0" ind2="0" tag="050"><subfield code="a">Newspaper</subfield></datafield><datafield ind1="1" ind2="4" tag="050"><subfield code="a">AN256</subfield><subfield code="b">.P36</subfield></datafield><datafield ind1="0" ind2="0" tag="245"><subfield code="a">Utica patriot.</subfield></datafield><datafield ind1="3" ind2="0" tag="246"><subfield code="a">Patriot</subfield></datafield><datafield ind1=" " ind2=" " tag="260"><subfield code="a">Utica [N.Y.] :</subfield><subfield code="b">Printed for the Editor, by Merrell &amp; Seward,</subfield><subfield code="c">1804-1815.</subfield></datafield><datafield ind1=" " ind2=" " tag="300"><subfield code="a">13 v. ;</subfield><subfield code="c">42 cm.</subfield></datafield><datafield ind1=" " ind2=" " tag="310"><subfield code="a">Weekly</subfield></datafield><datafield ind1="0" ind2=" " tag="362"><subfield code="a">Vol. 1, no. 53 (Feb. 27, 1804)-v. 13, no. 670 (Dec. 26, 1815).</subfield></datafield><datafield ind1=" " ind2=" " tag="500"><subfield code="a">Imprint varies: Merrell &amp; Seward, 1804-&lt;1805&gt;; Printed for the Editor, by Ira Merrell, 1806-&lt;1812&gt;; Printed for the Editor by Merrell &amp; Camp, &lt;1813&gt;-1815.</subfield></datafield><datafield ind1=" " ind2=" " tag="500"><subfield code="a">Sometimes issued as: Patriot.</subfield></datafield><datafield ind1=" " ind2=" " tag="500"><subfield code="a">Editors: John Hosmer Lathrop, 1804-1811; William Hale Maynard, 1811-1815.</subfield></datafield><datafield ind1="4" ind2=" " tag="510"><subfield code="a">Brigham, C.S. Amer. newspapers,</subfield><subfield code="c">p. 750</subfield></datafield><datafield ind1=" " ind2=" " tag="530"><subfield code="a">Also issued on microfilm by Readex Microprint Corp. as part of the Early American newspapers series.</subfield></datafield><datafield ind1=" " ind2="0" tag="651"><subfield code="a">Utica (N.Y.)</subfield><subfield code="v">Newspapers.</subfield></datafield><datafield ind1=" " ind2="0" tag="651"><subfield code="a">Oneida County (N.Y.)</subfield><subfield code="v">Newspapers.</subfield></datafield><datafield ind1=" " ind2="7" tag="655"><subfield code="a">Newspapers.</subfield><subfield code="2">fast</subfield><subfield code="0">(OCoLC)fst01423814</subfield></datafield><datafield ind1=" " ind2="7" tag="651"><subfield code="a">New York (State)</subfield><subfield code="z">Oneida County.</subfield><subfield code="2">fast</subfield><subfield code="0">(OCoLC)fst01209049</subfield></datafield><datafield ind1=" " ind2="7" tag="651"><subfield code="a">New York (State)</subfield><subfield code="z">Utica.</subfield><subfield code="2">fast</subfield><subfield code="0">(OCoLC)fst01207805</subfield></datafield><datafield ind1="1" ind2=" " tag="700"><subfield code="a">Merrell, Ira.</subfield></datafield><datafield ind1="1" ind2=" " tag="700"><subfield code="a">Seward, Asahel,</subfield><subfield code="d">1781-1835.</subfield></datafield><datafield ind1="1" ind2=" " tag="700"><subfield code="a">Lathrop, John Hosmer,</subfield><subfield code="d">1769-1829.</subfield></datafield><datafield ind1="1" ind2=" " tag="700"><subfield code="a">Maynard, William H.</subfield><subfield code="q">(William Hale),</subfield><subfield code="d">1786-1832.</subfield></datafield><datafield ind1="1" ind2=" " tag="700"><subfield code="a">Camp, George,</subfield><subfield code="d">1790-1850.</subfield></datafield><datafield ind1=" " ind2=" " tag="752"><subfield code="a">United States</subfield><subfield code="b">New York</subfield><subfield code="c">Oneida</subfield><subfield code="d">Utica.</subfield></datafield><datafield ind1="0" ind2="0" tag="780"><subfield code="t">Patriot (Utica, N.Y.)</subfield><subfield code="w">(DLC)sn 83031868</subfield><subfield code="w">(OCoLC)10006927</subfield></datafield><datafield ind1="0" ind2="7" tag="785"><subfield code="t">Patrol (Utica, N.Y.)</subfield><subfield code="w">(DLC)sn 83031867</subfield><subfield code="w">(OCoLC)10010739</subfield></datafield><datafield ind1="0" ind2="7" tag="785"><subfield code="t">Utica patriot, &amp; patrol</subfield><subfield code="w">(DLC)sn 83031866</subfield><subfield code="w">(OCoLC)6129562</subfield></datafield><datafield ind1=" " ind2=" " tag="938"><subfield code="a">Kirtas Technologies, Inc.</subfield><subfield code="b">KRTS</subfield><subfield code="n">737564</subfield></datafield></record>